@book{smith2010waves,
  title={Waves and oscillations: a prelude to quantum mechanics},
  author={Smith, Walter Fox},
  year={2010},
  publisher={Oxford University Press}
}

@book{olver2014introduction,
  title={Introduction to partial differential equations},
  author={Olver, Peter J},
  volume=1,
  year=2014,
  publisher={Springer}
}
